<?xml version="1.0" encoding="UTF-8"?><record xmlns="http://www.loc.gov/MARC21/slim" xmlns:cinclude="http://apache.org/cocoon/include/1.0" xmlns:zs="http://www.loc.gov/zing/srw/">
  <leader>01182cz  a2200265n  4500</leader>
  <controlfield tag="001">no 94003818 </controlfield>
  <controlfield tag="003">DLC</controlfield>
  <controlfield tag="005">20150314073843.0</controlfield>
  <controlfield tag="008">940203n| azannaabn          |a aaa     c</controlfield>
  <datafield tag="010" ind1=" " ind2=" ">
    <subfield code="a">no 94003818 </subfield>
  </datafield>
  <datafield tag="035" ind1=" " ind2=" ">
    <subfield code="a">(OCoLC)oca03541039</subfield>
  </datafield>
  <datafield tag="040" ind1=" " ind2=" ">
    <subfield code="a">InU-Mu</subfield>
    <subfield code="b">eng</subfield>
    <subfield code="e">rda</subfield>
    <subfield code="c">InU-Mu</subfield>
    <subfield code="d">DLC</subfield>
    <subfield code="d">UPB</subfield>
    <subfield code="d">UPB-Mu</subfield>
    <subfield code="d">IEN-Mu</subfield>
  </datafield>
  <datafield tag="046" ind1=" " ind2=" ">
    <subfield code="f">19270429</subfield>
    <subfield code="g">20140418</subfield>
  </datafield>
  <datafield tag="100" ind1="1" ind2=" ">
    <subfield code="a">Nelson, Ronald A.,</subfield>
    <subfield code="d">1927-2014</subfield>
  </datafield>
  <datafield tag="370" ind1=" " ind2=" ">
    <subfield code="a">Rockford (Ill.)</subfield>
    <subfield code="b">San Diego (Calif.)</subfield>
    <subfield code="e">Minneapolis (Minn.)</subfield>
    <subfield code="2">naf</subfield>
  </datafield>
  <datafield tag="372" ind1=" " ind2=" ">
    <subfield code="a">Music</subfield>
    <subfield code="2">lcsh</subfield>
  </datafield>
  <datafield tag="374" ind1=" " ind2=" ">
    <subfield code="a">Arrangers (Musicians)</subfield>
    <subfield code="a">Composers</subfield>
    <subfield code="2">lcsh</subfield>
  </datafield>
  <datafield tag="375" ind1=" " ind2=" ">
    <subfield code="a">male</subfield>
  </datafield>
  <datafield tag="378" ind1=" " ind2=" ">
    <subfield code="q">Ronald Axel</subfield>
  </datafield>
  <datafield tag="400" ind1="1" ind2=" ">
    <subfield code="a">Nelson, Ronnie,</subfield>
    <subfield code="d">1927-2014</subfield>
  </datafield>
  <datafield tag="667" ind1=" " ind2=" ">
    <subfield code="a">Do not confuse with: Nelson, Ron, 1929-</subfield>
  </datafield>
  <datafield tag="670" ind1=" " ind2=" ">
    <subfield code="a">His The King of love, c1991:</subfield>
    <subfield code="b">t.p. (Ronald A. Nelson)</subfield>
  </datafield>
  <datafield tag="670" ind1=" " ind2=" ">
    <subfield code="a">New Grove dict. of Amer. mus.:</subfield>
    <subfield code="b">v. 3, p. 331 (Ronald A. Nelson; b. 4-29-27, Rockford, IL; church musician, arranger, and composer active in Minneapolis)</subfield>
  </datafield>
  <datafield tag="670" ind1=" " ind2=" ">
    <subfield code="a">With a voice of singing, c2007:</subfield>
    <subfield code="b">t.p., in subtitle (Ronald A. Nelson) p. 139 (Ronald Axel Nelson; known as Ronnie Nelson)</subfield>
  </datafield>
  <datafield tag="670" ind1=" " ind2=" ">
    <subfield code="a">Musica International, via WWW, viewed March 13, 2015:</subfield>
    <subfield code="b">Composers (Nelson, Ronald Axel; died April 18, 2014, San Diego)</subfield>
  </datafield>
</record>